<?xml version="1.0" encoding="UTF-8"?><collection xmlns="http://www.loc.gov/MARC21/slim"><record><leader>00588nam--2200193-i-4500</leader><controlfield tag="001">000049722</controlfield><controlfield tag="002">20161230</controlfield><controlfield tag="005">20161230201047</controlfield><controlfield tag="008">060222s1000------------r-----000-0-rus-d</controlfield><datafield ind1=" " ind2=" " tag="040"><subfield code="a">IFIN-HH</subfield></datafield><datafield ind1=" " ind2=" " tag="041"><subfield code="a">rus</subfield></datafield><datafield ind1=" " ind2=" " tag="080"><subfield code="a">53.081</subfield></datafield><datafield ind1="1" ind2=" " tag="100"><subfield code="a">Arnautov,N.V</subfield></datafield><datafield ind1="1" ind2="0" tag="245"><subfield code="a">Spravochnye tablicy osnovnyh spektralnyh linii dlia polukolichestvennogo analiza mineralnogo syria</subfield><subfield code="c">N.v. arnautov, l.n. andreeva, l.g. iziumova, b.n. simonova</subfield></datafield><datafield ind1=" " ind2=" " tag="260"><subfield code="a">Novosibirsk</subfield><subfield code="b">Ak.Nauk Sssr</subfield><subfield code="c">1965</subfield></datafield><datafield ind1=" " ind2=" " tag="300"><subfield code="a">170 S</subfield></datafield><datafield ind1="1" ind2=" " tag="700"><subfield code="a">Simonova, B.N</subfield></datafield><datafield ind1=" " ind2=" " tag="852"><subfield code="a">23555</subfield><subfield code="c">53.081</subfield></datafield><datafield ind1=" " ind2=" " tag="CAT"><subfield code="a">Sys</subfield><subfield code="c">20160329</subfield><subfield code="h">094242</subfield></datafield></record></collection>